@article{Sun2008,
    title = {{Effect of processing conditions on the bonding quality of FDM polymer filaments}},
    year = {2008},
    journal = {Rapid Prototyping Journal},
    author = {Sun, Q. and Rizvi, G. M. and Bellehumeur, C. T. and Gu, P.},
    doi = {10.1108/13552540810862028},
    issn = {13552546},
    keywords = {Bonding, Creep, Sintering, Thermal testing}
}

@article{Melro2013,
    title = {{Micromechanical analysis of polymer composites reinforced by unidirectional fibres: Part II-Micromechanical analyses}},
    year = {2013},
    journal = {International Journal of Solids and Structures},
    author = {Melro, A.R. and {P.P. Camanho}},
    number = {11-12},
    pages = {1906--1915},
    volume = {50},
    publisher = {Elsevier Ltd},
    url = {http://dx.doi.org/10.1016/j.ijsolstr.2013.02.007},
    doi = {10.1016/j.ijsolstr.2013.02.007},
    issn = {0020-7683},
    keywords = {Composites, Damage, Epoxy, FEA, Micromechanics}
}

@article{Increments08_Plasticity_04_ElasticPerfectlyPlasticRate.pdf,
    title = {{08{\_}Plasticity{\_}04{\_}ElasticPerfectlyPlastic (plastic strain rate).pdf}},
    author = {Increments, Plastic Strain},
    pages = {280--289},
    volume = {c}
}

@techreport{Joyce20143DDefense,
    title = {{3D opportunity in the Department of Defense}},
    year = {2014},
    booktitle = {Deloitte University Press},
    author = {Joyce, Jim and Louis, Matthew J. and Seymour, Tom},
    url = {http://dupress.com/articles/additive-manufacturing-defense-3d-printing/}
}

@article{Landmacht20193DPrinting,
    title = {{3D printing}},
    year = {2019},
    author = {Landmacht, D E Koninklijke},
    pages = {2019}
}

@article{Provaggi20193DCage,
    title = {{3D printing assisted finite element analysis for optimising the manufacturing parameters of a lumbar fusion cage}},
    year = {2019},
    journal = {Materials {\&} Design},
    author = {Provaggi, Elena and Capelli, Claudio and Rahmani, Benyamin and Burriesci, Gaetano and Kalaskar, Deepak M.},
    month = {2},
    pages = {107540},
    volume = {163},
    url = {https://linkinghub.elsevier.com/retrieve/pii/S026412751830889X},
    doi = {10.1016/j.matdes.2018.107540},
    issn = {02641275}
}

@article{Energy5.2Energy,
    title = {{5.2 Elastic Strain Energy}},
    journal = {Energy},
    author = {Energy, Elastic Strain},
    pages = {180--193}
}

@article{BoisAGENERALIZATION,
    title = {{A COMPARATIVE REVIEW OF DAMAGE AND FAILURE MODELS AND A TABULATED GENERALIZATION}},
    author = {Bois, P a Du and Kolling, S and Feucht, M and Haufe, A}
}

@article{Schmitt2018AParts,
    title = {{A Comparative Study of Cartesian and Delta 3D Printers on Producing PLA Parts}},
    year = {2018},
    journal = {Materials Research},
    author = {Schmitt, Betina Madeira and Zirbes, Christiano Fraga and Bonin, Cassiano and Lohmann, Daniel and Lencina, Diovani Castoldi and Netto, Aurélio da Costa Sabino and Schmitt, Betina Madeira and Zirbes, Christiano Fraga and Bonin, Cassiano and Lohmann, Daniel and Lencina, Diovani Castoldi and Netto, Aurélio da Costa Sabino},
    number = {suppl 2},
    month = {2},
    pages = {883--886},
    volume = {20},
    publisher = {Materials Research},
    url = {http://www.scielo.br/scielo.php?script=sci_arttext&pid=S1516-14392017000800883&lng=en&tlng=en},
    doi = {10.1590/1980-5373-mr-2016-1039},
    issn = {1980-5373}
}

@article{Schmitt2018APartsb,
    title = {{A Comparative Study of Cartesian and Delta 3D Printers on Producing PLA Parts}},
    year = {2018},
    journal = {Materials Research},
    author = {Schmitt, Betina Madeira and Zirbes, Christiano Fraga and Bonin, Cassiano and Lohmann, Daniel and Lencina, Diovani Castoldi and Netto, Aurélio da Costa Sabino},
    number = {suppl 2},
    pages = {883--886},
    volume = {20},
    doi = {10.1590/1980-5373-mr-2016-1039},
    issn = {1516-1439},
    keywords = {3d printing, cartesian printer, delta printer, dimensional evaluation, surface quality}
}

@article{Kamran2016ATechnology,
    title = {{A Comprehensive Study on 3D Printing Technology}},
    year = {2016},
    journal = {MIT International Journal of Mechanical Engineering},
    author = {Kamran, Medhavi and Saxena, Abhishek},
    number = {2},
    pages = {63--69},
    volume = {6},
    url = {https://www.researchgate.net/publication/310961474},
    keywords = {3d printer, manufacturing, printing technology, software}
}

@article{Bessa2017ADimensionality,
    title = {{A framework for data-driven analysis of materials under uncertainty: Countering the curse of dimensionality}},
    year = {2017},
    journal = {Computer Methods in Applied Mechanics and Engineering},
    author = {Bessa, M. A. and Bostanabad, R. and Liu, Z. and Hu, A. and Apley, Daniel W. and Brinson, C. and Chen, W. and Liu, Wing Kam},
    pages = {633--667},
    volume = {320},
    doi = {10.1016/j.cma.2017.03.037},
    issn = {00457825},
    keywords = {Design of experiments, Machine learning and data mining, Plasticity, Reduced order model, Self-consistent clustering analysis}
}

@article{Ouajjani2018AFOR,
    title = {{A NUMERICAL REPRESENTATIVE VOLUME ELEMENT ON THE MESOSCALE FOR}},
    year = {2018},
    author = {Ouajjani, Khadija},
    number = {May}
}

@techreport{Sweeney2017AHeating,
    title = {{A P P L I E D S C I E N C E S A N D E N G I N E E R I N G Welding of 3D-printed carbon nanotube-polymer composites by locally induced microwave heating}},
    year = {2017},
    author = {Sweeney, Charles B and Lackey, Blake A and Pospisil, Martin J and Achee, Thomas C and Hicks, Victoria K and Moran, Aaron G and Teipel, Blake R and Saed, Mohammad A and Green, Micah J},
    url = {http://advances.sciencemag.org/}
}

@article{ZhangAAnalysis,
    title = {{A parametric study of part distortions in fused deposition modelling using three-dimensional finite element analysis}},
    author = {Zhang, Y and Chou, K},
    url = {https://pdfs.semanticscholar.org/8c9c/7f36b1a6046b684a8fc5b2415eebef2fab9a.pdf},
    doi = {10.1243/09544054JEM990},
    keywords = {fused deposition modelling, numerical simulation, parametric study, part distor-tion}
}

@article{Scherzinger2017AMethod,
    title = {{A return mapping algorithm for isotropic and anisotropic plasticity models using a line search method}},
    year = {2017},
    journal = {Computer Methods in Applied Mechanics and Engineering},
    author = {Scherzinger, W.M.},
    month = {4},
    pages = {526--553},
    volume = {317},
    url = {https://linkinghub.elsevier.com/retrieve/pii/S004578251630370X},
    doi = {10.1016/j.cma.2016.11.026},
    issn = {00457825}
}

@article{Turner2014AModeling,
    title = {{A review of melt extrusion additive manufacturing processes : I . Process design and modeling}},
    year = {2014},
    author = {Turner, Brian N and Strong, Robert and Gold, Scott A},
    number = {March 2013},
    pages = {192--204},
    volume = {3},
    doi = {10.1108/RPJ-01-2013-0012},
    keywords = {bead spreading, fdm, fused deposition modeling, liquefier dynamics, melt extrusion manufacturing, paper type literature review, process modeling}
}

@article{DuBois2006APolymers,
    title = {{A semianalytical model for the simulation of polymers}},
    year = {2006},
    journal = {Proceedings of the 2006 Korea LS-DYNA Conference, Seoul, Korea, published by Korean Simulation Technologies, KOSTECH},
    author = {Du Bois, P A and Kolling, S and Haufe, A and Feucht, M},
    number = {November},
    pages = {1--18},
    volume = {1}
}

@article{LobdellAPlastics,
    title = {{A Standardized Mechanism to Validate Crash Models for Ductile Plastics}},
    author = {Lobdell, Megan and Croop, Brian and Lobo, Hubert},
    number = {Figure 1},
    pages = {1--11}
}

@article{XiaAApplications,
    title = {{A unified periodical boundary conditions for representative volume elements of composites and applications}},
    author = {Xia, Zihui and Zhang, Yunfa and Ellyin, Fernand},
    url = {www.elsevier.com/locate/ijsolstr},
    isbn = {00207683/03},
    doi = {10.1016/S0020-7683(03)00024-6},
    keywords = {Angle-ply laminate, Fiber-reinforced composites, Micromechanical modeling, Multiaxial loading, Unified periodical boundary conditions}
}

@article{Wasserfall2017AdaptiveRevisited,
    title = {{Adaptive Slicing for the FDM Process Revisited}},
    year = {2017},
    author = {Wasserfall, Florens and Hendrich, Norman and Zhang, Jianwei},
    isbn = {9781509067817},
    keywords = {Additive Manufacturing,Intelligent and Flexible Ma}
}

@article{Caminero2019AdditiveTexture,
    title = {{Additive Manufacturing of PLA-Based Composites Using Fused Filament Fabrication: Effect of Graphene Nanoplatelet Reinforcement on Mechanical Properties, Dimensional Accuracy and Texture}},
    year = {2019},
    journal = {Polymers},
    author = {Caminero, Miguel Ángel and Chac{\'{o}}n, Jesús Miguel and Garc{\'{i}}a-Plaza, Eustaquio and N{\'{u}}{\~{n}}ez, Pedro José and Reverte, José María and Becar, Jean Paul},
    number = {5},
    pages = {799},
    volume = {11},
    doi = {10.3390/polym11050799}
}

@article{Auricchio2017ADDITIVESimulations,
    title = {{ADDITIVE MANUFACTURING PROCESSES : from materials to applications , from micro- to macro-simulations 3D Printing : Macroscopic Simulations}},
    year = {2017},
    author = {Auricchio, F and Pavia, Università}
}

@book{Genzer2012AdvancesPolymers,
    title = {{Advances in Polymer Science Editorial Board : Synthetic Biodegradable Polymers}},
    year = {2012},
    author = {Genzer, Á J and Dus, a Abe Á a Albertsson Á K and Kobayashi, W H De Jeu Á S and Leibler, Á K Lee Á L and Mo, T E Long Á I Manners Á M and Terentjev, Á E M and Voit, M Vicent Á B and Wiesner, Á G Wegner Á U},
    pages = {360},
    isbn = {978-3-642-27154-0},
    doi = {10.1007/978-3-642-27154-0}
}

@misc{all3dpAll3dp,
    title = {{all3dp}},
    author = {{all3dp}},
    url = {https://all3dp.com/}
}

@article{Garg2017AnStudy,
    title = {{An insight to the failure of FDM parts under tensile loading: finite element analysis and experimental study}},
    year = {2017},
    journal = {International Journal of Mechanical Sciences},
    author = {Garg, Ashu and Bhattacharya, Anirban},
    number = {September 2016},
    pages = {225--236},
    volume = {120},
    publisher = {Elsevier Ltd},
    url = {http://dx.doi.org/10.1016/j.ijmecsci.2016.11.032},
    isbn = {0020-7403},
    doi = {10.1016/j.ijmecsci.2016.11.032},
    issn = {00207403},
    keywords = {Finite element analysis, Fused deposition modeling, Layer thickness, Raster angle, Tensile testing}
}

@article{Blok2018AnComposites,
    title = {{An investigation into 3D printing of fibre reinforced thermoplastic composites}},
    year = {2018},
    journal = {Additive Manufacturing},
    author = {Blok, L. G. and Longana, M. L. and Yu, H. and Woods, B. K.S.},
    pages = {176--186},
    volume = {22},
    doi = {10.1016/j.addma.2018.04.039},
    issn = {22148604},
    keywords = {3D printing, Additive manufacture, Composite, Thermoplastic}
}

@techreport{WesleyMachadoCunicoAnalyticalObjects,
    title = {{Analytical and experimental characterization of anisotropic mechanical behaviour of infill building strategies for fused deposition modelling objects}},
    author = {Wesley Machado Cunico, Marlon and Jennifer Desiree Medeiros Cavalheiro, Eng},
    url = {http://sffsymposium.engr.utexas.edu/sites/default/files/2017/Manuscripts/AnalyticalandExperimentalCharacterizationofAn.pdf},
    keywords = {Additive manufacturing, Anisotropy, Finite element Method}
}

@article{Ahn2002AnisotropicABS,
    title = {{Anisotropic material properties of fused deposition modeling ABS}},
    year = {2002},
    journal = {Rapid Prototyping Journal},
    author = {Ahn, Sung Hoon and Montero, Michael and Odell, Dan and Roundy, Shad and Wright, Paul K.},
    number = {4},
    pages = {248--257},
    volume = {8},
    doi = {10.1108/13552540210441166},
    issn = {13552546},
    keywords = {Anisotropy, Fused deposition modeling, Rapid prototyping}
}

@techreport{AzziAnisotropicAlone,
    title = {{Anisotropic Strength of Composites Investigation aimed at developing a theory applicable to laminated as well as unidirectional composites, employing simple material properties derived from unidirectional specimens alone}},
    author = {Azzi, V D and Tsai, S W},
    url = {https://link.springer.com/content/pdf/10.1007%2FBF02326292.pdf}
}

@article{Hofstatter2017ApplicationsManufacturing,
    title = {{Applications of Fiber-Reinforced Polymers in Additive Manufacturing}},
    year = {2017},
    journal = {Procedia CIRP},
    author = {Hofst{\"{a}}tter, Thomas and Pedersen, David B. and Tosello, Guido and Hansen, Hans N.},
    pages = {312--316},
    volume = {66},
    url = {https://linkinghub.elsevier.com/retrieve/pii/S2212827117303530},
    doi = {10.1016/j.procir.2017.03.171},
    issn = {22128271}
}

@article{ASTM1,
    title = {{ASTM D2256 Standard Test Method for Tensile Properties of Yarns by the Single-Strand Method 1}},
    url = {www.astm.org.},
    doi = {10.1520/D2256{\_}D2256M-10R15}
}

@article{ASTM2015ASTMD638-14,
    title = {{ASTM D638 Standard Test Method for Tensile Properties of Plastics 1 D638-14}},
    year = {2015},
    author = {{ASTM}},
    pages = {1--17},
    doi = {10.1520/D0638-14.1}
}

@article{2013ASTMManufacturing,
    title = {{ASTM F2971 Standard Practice for Reporting Data for Test Specimens Prepared by Additive Manufacturing}},
    year = {2013},
    journal = {ASTM Standards},
    pages = {3--6},
    volume = {i},
    doi = {10.1520/F2971-13}
}

@article{Krabbenhft2002BasicPlasticity,
    title = {{Basic Computational Plasticity}},
    year = {2002},
    journal = {Technical University of Denmark},
    author = {Krabbenh{\o}ft, Kristian},
    number = {June},
    pages = {1--40}
}

@misc{GrantaDesignLimited2018CESEdupack,
    title = {{CES edupack}},
    year = {2018},
    author = {{Granta Design Limited}}
}

@article{Cuan-Urquizo2019CharacterizationApproaches,
    title = {{Characterization of the Mechanical Properties of FFF Structures and Materials: A Review on the Experimental, Computational and Theoretical Approaches}},
    year = {2019},
    journal = {Materials},
    author = {Cuan-Urquizo, Enrique and Barocio, Eduardo and Tejada-Ortigoza, Viridiana and Pipes, R. and Rodriguez, Ciro and Roman-Flores, Armando},
    number = {6},
    pages = {895},
    volume = {12},
    url = {https://www.mdpi.com/1996-1944/12/6/895},
    doi = {10.3390/ma12060895},
    issn = {1996-1944},
    keywords = {additive manufacturing, fused deposition modeling, fused filament fabrication, mechanical characterization}
}

@article{Martinez2013ComparativeBehaviour,
    title = {{Comparative between FEM models for FDM parts and their approach to a real mechanical behaviour}},
    year = {2013},
    journal = {Procedia Engineering},
    author = {Mart{\'{i}}nez, J. and Di{\'{e}}guez, J. L. and Ares, E. and Pereira, A. and Hern{\'{a}}ndez, P. and P{\'{e}}rez, J. A.},
    pages = {878--884},
    volume = {63},
    publisher = {Elsevier B.V.},
    url = {http://dx.doi.org/10.1016/j.proeng.2013.08.230},
    isbn = {1877-7058},
    doi = {10.1016/j.proeng.2013.08.230},
    issn = {18777058},
    keywords = {Finite elements modeling, Fused deposition modeling, Mechanical characterization, Stiffness matrix}
}

@article{Li2002CompositeProperties,
    title = {{Composite modeling and analysis for fabrication of FDM prototypes with locally controlled properties}},
    year = {2002},
    journal = {Journal of Manufacturing Processes},
    author = {Li, L. and Sun, Q. and Bellehumeur, C. and Gu, P.},
    number = {2},
    month = {1},
    pages = {129--141},
    volume = {4},
    publisher = {Elsevier},
    url = {https://www.sciencedirect.com/science/article/pii/S1526612502701394},
    doi = {10.1016/S1526-6125(02)70139-4},
    issn = {15266125},
    keywords = {Composite mechanics, Composites, Fused deposition modeling, Locally controlled properties, Solid freeform fabrication}
}

@incollection{Gorski2015ComputationMethod,
    title = {{Computation of Mechanical Properties of Parts Manufactured by Fused Deposition Modeling Using Finite Element Method}},
    year = {2015},
    author = {G{\'{o}}rski, Filip and Kuczko, Wiesław and Wichniarek, Radosław and Hamrol, Adam},
    pages = {403--413},
    publisher = {Springer, Cham},
    url = {http://link.springer.com/10.1007/978-3-319-19719-7_35},
    doi = {10.1007/978-3-319-19719-7{\_}35}
}

@article{Banjanin2018ConsistencyTechnology,
    title = {{Consistency analysis of mechanical properties of elements produced by FDM additive manufacturing technology}},
    year = {2018},
    journal = {Mat{\'{e}}ria (Rio de Janeiro)},
    author = {Banjanin, Bojan and Vladic, Gojko and P{\'{a}}l, Magdolna and Balos, Sebastian and Dramicanin, Miroslav and Rackov, Milan and Knezevic, Ivan},
    number = {4},
    month = {12},
    volume = {23},
    url = {http://www.scielo.br/scielo.php?script=sci_arttext&pid=S1517-70762018000400441&lng=en&tlng=en},
    doi = {10.1590/s1517-707620180004.0584},
    issn = {1517-7076}
}

@article{Banjanin2018ConsistencyTechnologyb,
    title = {{Consistency analysis of mechanical properties of elements produced by FDM additive manufacturing technology}},
    year = {2018},
    journal = {Mat{\'{e}}ria (Rio de Janeiro)},
    author = {Banjanin, Bojan and Vladic, Gojko and P{\'{a}}l, Magdolna and Balos, Sebastian and Dramicanin, Miroslav and Rackov, Milan and Knezevic, Ivan and Banjanin, Bojan and Vladic, Gojko and P{\'{a}}l, Magdolna and Balos, Sebastian and Dramicanin, Miroslav and Rackov, Milan and Knezevic, Ivan},
    number = {4},
    month = {12},
    volume = {23},
    publisher = {Revista Mat{\'{e}}ria},
    url = {http://www.scielo.br/scielo.php?script=sci_arttext&pid=S1517-70762018000400441&lng=en&tlng=en},
    doi = {10.1590/s1517-707620180004.0584},
    issn = {1517-7076}
}

@article{Canga2001ConstitutiveAspects,
    title = {{Constitutive modeling of viscoelastic materials with damage – computational aspects}},
    year = {2001},
    journal = {Computer Methods in Applied Mechanics and Engineering},
    author = {Canga, Marcelo E. and Becker, Eric B. and {\"{O}}z{\"{u}}pek, Şebnem},
    number = {15-17},
    month = {1},
    pages = {2207--2226},
    volume = {190},
    url = {https://linkinghub.elsevier.com/retrieve/pii/S0045782500002310},
    doi = {10.1016/S0045-7825(00)00231-0},
    issn = {00457825}
}

@article{Grandgirard2002CostsMatter,
    title = {{Costs of secondary parasitism in the facultative hyperparasitoid Pachycrepoideus dubius: Does host size matter?}},
    year = {2002},
    journal = {Entomologia Experimentalis et Applicata},
    author = {Grandgirard, Julie and Poinsot, Denis and Krespi, Liliane and N{\'{e}}non, Jean Pierre and Cortesero, Anne Marie},
    number = {3},
    pages = {239--248},
    volume = {103},
    doi = {10.1023/A},
    issn = {00138703},
    keywords = {Asobara tabida, Delia radicum, Drosophila melanogaster, Facultative hyperparasitism, Fitness, Host quality, Host size, Hymenoptera, Pachycrepoideus dubius, Pteromalidae, Trybliographa rapae}
}

@article{Gao2013CriticalPipelines,
    title = {{Critical strain based ductile damage criterion and its application to mechanical damage in pipelines}},
    year = {2013},
    journal = {13th International Conference on Fracture 2013, ICF 2013},
    author = {Gao, Ming and Krishnamurthy, Ravi and Tandon, Samarth and Arumugam, Udayasankar},
    pages = {3723--3732},
    volume = {5},
    keywords = {ASME B31.8, Critical strain, Damage model (DFDI), Dent, Mechanical damage}
}

@article{Bastiaans2015DeDefensie,
    title = {{De impact van 3D-printen op Defensie}},
    year = {2015},
    author = {Bastiaans, Mark and Blankers, Iris and Scheepstal, Peter Van and Veraar, Ronald}
}

@phdthesis{Melick2002DeformationGlasses,
    title = {{Deformation and failure of polymer glasses}},
    year = {2002},
    author = {Melick, Harold Geert Hendrik Van},
    url = {http://scholar.google.com/scholar?hl=en&btnG=Search&q=intitle:Deformation+and+failure+of+polymer+glasses#1},
    school = {Technische Universiteit Eindhoven},
    isbn = {9038629230}
}

@article{McIlroy2017DeformationManufacturing,
    title = {{Deformation of an amorphous polymer during the fused-filament-fabrication method for additive manufacturing}},
    year = {2017},
    journal = {Journal of Rheology},
    author = {McIlroy, Claire and Olmsted, Peter D},
    number = {2},
    pages = {379--397},
    volume = {61},
    url = {http://arxiv.org/abs/1611.01522%0Ahttp://dx.doi.org/10.1122/1.4976839},
    doi = {10.1122/1.4976839},
    issn = {0148-6055},
    arxivId = {1611.01522}
}

@article{Rodrguez2003DesignStrength,
    title = {{Design of Fused-Deposition ABS Components for Stiffness and Strength}},
    year = {2003},
    journal = {Journal of Mechanical Design},
    author = {Rodrı́guez, José F. and Thomas, James P. and Renaud, John E.},
    number = {3},
    pages = {545},
    volume = {125},
    doi = {10.1115/1.1582499},
    issn = {10500472}
}

@article{Bessa2018DesignOptimization,
    title = {{Design of ultra-thin shell structures in the stochastic post-buckling range using Bayesian machine learning and optimization}},
    year = {2018},
    journal = {International Journal of Solids and Structures},
    author = {Bessa, M. A. and Pellegrino, S.},
    pages = {174--188},
    volume = {139-140},
    publisher = {Elsevier Ltd},
    url = {https://doi.org/10.1016/j.ijsolstr.2018.01.035},
    doi = {10.1016/j.ijsolstr.2018.01.035},
    issn = {00207683},
    keywords = {Buckling, Data mining, Design charts, Evolutionary optimization, Heteroscedastic Gaussian process, Post-buckling, Ultra-thin composites}
}

@article{Somireddy2018DevelopmentFDM,
    title = {{Development of constitutive material model of 3D printed structure via FDM}},
    year = {2018},
    journal = {Materials Today Communications},
    author = {Somireddy, Madhukar and Czekanski, Aleksander and Singh, Chandra Veer},
    month = {6},
    pages = {143--152},
    volume = {15},
    publisher = {Elsevier},
    url = {https://www.sciencedirect.com/science/article/pii/S2352492818300552},
    doi = {10.1016/J.MTCOMM.2018.03.004},
    issn = {2352-4928}
}

@misc{XstreamDigimat-AM,
    title = {{Digimat-AM}},
    author = {{Xstream}},
    url = {https://www.e-xstream.com/product/digimat-am}
}

@article{McIlroy2017DisentanglementManufacturing,
    title = {{Disentanglement effects on welding behaviour of polymer melts during the fused-filament-fabrication method for additive manufacturing}},
    year = {2017},
    journal = {Polymer},
    author = {McIlroy, C. and Olmsted, P D},
    pages = {376--391},
    volume = {123},
    doi = {10.1016/j.polymer.2017.06.051},
    issn = {00323861},
    arxivId = {1703.09295},
    keywords = {Disentanglement, Fused filament fabrication, Non-isothermal, Polymer melt, Welding}
}

@article{Deloitte2017DisruptivePrinting,
    title = {{Disruptive manufacturing - The effects of 3D printing}},
    year = {2017},
    journal = {Deloitte},
    author = {{Deloitte}},
    pages = {20}
}

@article{Institute2013DisruptiveEconomy,
    title = {{Disruptive technologies: Advances that will transform life, business, and the global economy}},
    year = {2013},
    journal = {McKinsey Global Institute},
    author = {Institute, McKinsey Global and Manyika, James and Chui, Michael and Buguin, Jacques and Dobbs, Richard and Bisson, Peter and Marrs, Alex and Bughin, J and {Richard Dobbs} and Bisson, Peter and Marrs, Alex},
    number = {May},
    pages = {176},
    volume = {1},
    url = {http://www.chrysalixevc.com/pdfs/mckinsey_may2013.pdf}
}

@article{NCDMM2016DISTRIBUTIONRoadmap,
    title = {{DISTRIBUTION A: Cleared for Public Release {\#}88ABW-2016-5841 Final Report Department of Defense Additive Manufacturing Roadmap}},
    year = {2016},
    author = {{NCDMM}},
    number = {November},
    keywords = {Hontek, UH-60}
}

@article{Taniguchi2009DynamicDirections,
    title = {{Dynamic tensile properties of carbon fiber composite based on thermoplastic epoxy resin loaded in matrix-dominant directions}},
    year = {2009},
    journal = {Composites Science and Technology},
    author = {Taniguchi, Norihiko and Nishiwaki, Tsuyoshi and Hirayama, Norio and Nishida, Hirofumi and Kawada, Hiroyuki},
    doi = {10.1016/j.compscitech.2008.10.002},
    issn = {02663538},
    keywords = {A. Recycling, B. Impact behavior, B. Strength}
}

@article{Taniguchi2009DynamicDirectionsb,
    title = {{Dynamic tensile properties of carbon fiber composite based on thermoplastic epoxy resin loaded in matrix-dominant directions}},
    year = {2009},
    journal = {Composites Science and Technology},
    author = {Taniguchi, Norihiko and Nishiwaki, Tsuyoshi and Hirayama, Norio and Nishida, Hirofumi and Kawada, Hiroyuki},
    number = {2},
    pages = {207--213},
    volume = {69},
    publisher = {Elsevier Ltd},
    url = {http://dx.doi.org/10.1016/j.compscitech.2008.10.002},
    doi = {10.1016/j.compscitech.2008.10.002},
    issn = {02663538},
    keywords = {A. Recycling, B. Impact behavior, B. Strength}
}

@article{Fernandez-Vicente2016EffectPrinting,
    title = {{Effect of Infill Parameters on Tensile Mechanical Behavior in Desktop 3D Printing}},
    year = {2016},
    journal = {3D Printing and Additive Manufacturing},
    author = {Fernandez-Vicente, Miguel and Calle, Wilson and Ferrandiz, Santiago and Conejero, Andres},
    number = {3},
    pages = {183--192},
    volume = {3},
    doi = {10.1089/3dp.2015.0036},
    issn = {2329-7662},
    keywords = {3d printing, fdm, fused filament fabrication, infill pattern, mechanical strength, mesostructure}
}

@article{Mohamed2016EffectExperiment,
    title = {{Effect of Process Parameters on Dynamic Mechanical Performance of FDM PC/ABS Printed Parts Through Design of Experiment}},
    year = {2016},
    journal = {Journal of Materials Engineering and Performance},
    author = {Mohamed, Omar Ahmed and Masood, Syed Hasan and Bhowmik, Jahar Lal and Nikzad, Mostafa and Azadmanjiri, Jalal},
    doi = {10.1007/s11665-016-2157-6},
    issn = {15441024},
    keywords = {analysis of variance (ANOVA), dynamic mechanical properties, fraction factorial design, fused deposition modeling (FDM), process parameters}
}

@article{AhmedMohamedEffectExperiment,
    title = {{Effect of Process Parameters on Dynamic Mechanical Performance of FDM PC/ABS Printed Parts Through Design of Experiment}},
    author = {Ahmed Mohamed, Omar and Hasan Masood, Syed and Lal Bhowmik, Jahar and Nikzad, Mostafa and Azadmanjiri, Jalal},
    url = {https://link.springer.com/content/pdf/10.1007%2Fs11665-016-2157-6.pdf},
    doi = {10.1007/s11665-016-2157-6},
    keywords = {analysis of variance (ANOVA), dynamic mechanical properties, fraction factorial design, fused deposition modeling (FDM), process parameters}
}

@article{SrinivasaChari1943EffectProcess,
    title = {{Effect of processing parameters on FDM process}},
    year = {1943},
    journal = {AIP Conference Proceedings AIP Conference Proceedings AIP Conference Proceedings},
    author = {Srinivasa Chari, V and Venkatesh, P R and Dinesh, Veena and Professor, Associate},
    number = {10},
    volume = {10},
    url = {https://doi.org/10.1063/1.5029637%0Ahttp://aip.scitation.org/toc/apc/1943/1},
    doi = {10.1063/1.5029637},
    keywords = {Hardness, fused deposition modeling (FDM), microstructure}
}

@misc{MarkforgedEigerMarkforged,
    title = {{Eiger Software | Markforged}},
    author = {{Markforged}},
    url = {https://markforged.com/eiger/}
}

@article{DeVree2002EindigeMethode,
    title = {{Eindige Elementen Methode}},
    year = {2002},
    author = {De Vree, J H P},
    pages = {80}
}

@misc{ElastollanTechnologies,
    title = {{Elastollan - BASF Aerospace Materials and Technologies}},
    url = {https://aerospace.basf.com/elastollan.html}
}

@techreport{StratasysEnd-useManufacturing,
    title = {{End-use parts include all components, sub-assemblies and products created during both series production and/or custom manufacturing}},
    author = {{Stratasys}},
    url = {http://usglobalimages.stratasys.com/Main/Secure/Applications/End Use Parts/SSYS-TAG-End-UseParts-11-13.pdf}
}

@book{Daniel2006EngineeringMaterials,
    title = {{Engineering Mechanics of Composite Materials}},
    year = {2006},
    author = {{Daniel}},
    pages = {1--157},
    publisher = {Oxford university press},
    address = {Oxford},
    doi = {10.11647/obp.0130.01}
}

@article{Rane2018EnhancingPressure,
    title = {{Enhancing Tensile Strength of FDM parts using Thermal Annealing and  Uniaxial Pressure}},
    year = {2018},
    author = {Rane, Rhugdhrivya},
    month = {1},
    url = {https://rc.library.uta.edu/uta-ir/handle/10106/27796},
    keywords = {Additive Manufacturing, Bond Strength, FDM, Fused Deposition Modeling, Thermal Annealing, Thesis, Ultimate tensile strength}
}

@phdthesis{Veen2019EnhancingTemperature,
    title = {{Enhancing the mechanical properties of fused filament fabricated parts by elevating the print room temperature}},
    year = {2019},
    author = {Veen, Dennis van}
}

@article{deGennes2008EntangledPolymers,
    title = {{Entangled polymers}},
    year = {2008},
    journal = {Physics Today},
    author = {de Gennes, Pierre‐Gilles},
    number = {6},
    pages = {33--39},
    volume = {36},
    doi = {10.1063/1.2915700},
    issn = {0031-9228}
}

@techreport{2017EssentiumPLA,
    title = {{Essentium High Performance PLA}},
    year = {2017},
    url = {https://cdn.shopify.com/s/files/1/0019/5405/4209/files/PLA-TDS.pdf?3370680223759869623}
}

@article{Yang2015EvaluationParts,
    title = {{Evaluation of directional mechanical properties of 3D printed polymer parts}},
    year = {2015},
    journal = {ICCAS 2015 - 2015 15th International Conference on Control, Automation and Systems, Proceedings},
    author = {Yang, Jung Ho and Zhao, Zhi Jun and Park, Sang Hu},
    number = {Iccas},
    pages = {1952--1954},
    publisher = {Institute of Control, Robotics and Systems - ICROS},
    isbn = {9788993215090},
    doi = {10.1109/ICCAS.2015.7364685},
    keywords = {3D Printer, Fused deposition modeling (FDM), addictive direction, mechanical properties}
}

@article{Wang2016ExperimentalRates,
    title = {{Experimental and modeling study of the compressive behavior of PC/ABS at low, moderate and high strain rates}},
    year = {2016},
    journal = {Polymer Testing},
    author = {Wang, Haitao and Zhang, Yun and Huang, Zhigao and Gao, Huang and Zhang, Yi and Gao, Xiping and Zhou, Huamin},
    month = {12},
    pages = {115--123},
    volume = {56},
    publisher = {Elsevier},
    url = {https://www.sciencedirect.com/science/article/pii/S0142941816308315},
    doi = {10.1016/J.POLYMERTESTING.2016.09.027},
    issn = {0142-9418}
}

@book{Ochsner2013ExperimentalStructures,
    title = {{Experimental and Numerical Investigation of Advanced Materials and Structures}},
    year = {2013},
    author = {{\"{O}}chsner, Andreas},
    volume = {41},
    url = {http://link.springer.com/10.1007/978-3-319-00506-5},
    isbn = {978-3-319-00505-8},
    doi = {10.1007/978-3-319-00506-5}
}

@article{Oskui2014ExperimentalDevice,
    title = {{Experimental and numerical investigation of fracture of ABS polymeric material for different sample's thickness using a new loading device}},
    year = {2014},
    journal = {Polymer Engineering {\&} Science},
    author = {Oskui, Abuzar Es'hagi and Choupani, Naghdali and Haddadi, Elyas},
    number = {9},
    month = {9},
    pages = {2086--2096},
    volume = {54},
    publisher = {John Wiley {\&} Sons, Ltd},
    url = {http://doi.wiley.com/10.1002/pen.23745},
    doi = {10.1002/pen.23745},
    issn = {00323888}
}

@article{Raney2017ExperimentalProcess,
    title = {{Experimental characterization of the tensile strength of ABS parts manufactured by fused deposition modeling process}},
    year = {2017},
    journal = {Materials Today: Proceedings},
    author = {Raney, Kyle and Lani, Eric and Kalla, Devi K.},
    number = {8},
    month = {1},
    pages = {7956--7961},
    volume = {4},
    publisher = {Elsevier},
    url = {https://www.sciencedirect.com/science/article/pii/S221478531731427X},
    doi = {10.1016/J.MATPR.2017.07.132},
    issn = {2214-7853}
}

@article{Mohamed2016ExperimentalParts,
    title = {{Experimental Investigations of Process Parameters Influence on Rheological Behavior and Dynamic Mechanical Properties of FDM Manufactured Parts}},
    year = {2016},
    journal = {Materials and Manufacturing Processes},
    author = {Mohamed, Omar Ahmed and Masood, Syed Hasan and Bhowmik, Jahar Lal},
    number = {15},
    pages = {1983--1994},
    volume = {31},
    doi = {10.1080/10426914.2015.1127955},
    issn = {15322475},
    keywords = {ANOVA, Dynamic, Flexural, Fused, Mechanical, Modulus, Parameters, Viscoelastic, Viscosity}
}

@article{Alafaghani2017ExperimentalApproach,
    title = {{Experimental Optimization of Fused Deposition Modelling Processing Parameters: A Design-for-Manufacturing Approach}},
    year = {2017},
    journal = {Procedia Manufacturing},
    author = {Alafaghani, Ala'aldin and Qattawi, Ala and Alrawi, Buraaq and Guzman, Arturo},
    doi = {10.1016/j.promfg.2017.07.079},
    issn = {23519789},
    keywords = {3D printing, Design for Manufacturing, Finite Element Analysis, Fused Deposition Modeling, Mechanical Properties, Optimization of Processing Parameters}
}

@article{Gu2013ExperimentalThermoplastics,
    title = {{Experimental study on characterizing damage behavior of thermoplastics}},
    year = {2013},
    journal = {Materials and Design},
    author = {Gu, Gongyao and Xia, Yong and Lin, Chin Hsu and Lin, Shaoting and Meng, Yan and Zhou, Qing},
    issn = {18734197},
    keywords = {Damage behavior, Loading-unloading uniaxial tension test, Thermoplastics}
}

@article{Kim2017ExperimentalProducts,
    title = {{Experimental Study on Mechanical Properties of Single- and Dual-material 3D Printed Products}},
    year = {2017},
    journal = {Procedia Manufacturing},
    author = {Kim, Heechang and Park, Eunju and Kim, Suhyun and Park, Bumsoo and Kim, Namhun and Lee, Seungchul},
    pages = {887--897},
    volume = {10},
    publisher = {The Author(s)},
    url = {http://dx.doi.org/10.1016/j.promfg.2017.07.076},
    doi = {10.1016/j.promfg.2017.07.076},
    issn = {23519789},
    keywords = {FDM, dual material 3D printing, infill rate, material type, orientation angle, tensile strength}
}

@misc{EX_Digimat_AM_TNO_Course_Day1_AM,
    title = {{eX{\_}Digimat{\_}AM{\_}TNO{\_}Course{\_}Day1{\_}AM}}
}

@misc{EX_Digimat_AM_TNO_Course_Day2_SFRP,
    title = {{eX{\_}Digimat{\_}AM{\_}TNO{\_}Course{\_}Day2{\_}SFRP}}
}

@article{Rankouhi2016FailureOrientation,
    title = {{Failure Analysis and Mechanical Characterization of 3D Printed ABS With Respect to Layer Thickness and Orientation}},
    year = {2016},
    journal = {Journal of Failure Analysis and Prevention},
    author = {Rankouhi, Behzad and Javadpour, Sina and Delfanian, Fereidoon and Letcher, Todd},
    number = {3},
    month = {6},
    pages = {467--481},
    volume = {16},
    url = {http://link.springer.com/10.1007/s11668-016-0113-2},
    doi = {10.1007/s11668-016-0113-2},
    issn = {1547-7029}
}

@article{Rankouhi2016FailureOrientationb,
    title = {{Failure Analysis and Mechanical Characterization of 3D Printed ABS With Respect to Layer Thickness and Orientation}},
    year = {2016},
    journal = {Journal of Failure Analysis and Prevention},
    author = {Rankouhi, Behzad and Javadpour, Sina and Delfanian, Fereidoon and Letcher, Todd},
    number = {3},
    pages = {467--481},
    volume = {16},
    publisher = {Springer US},
    isbn = {1166801601132},
    doi = {10.1007/s11668-016-0113-2},
    issn = {15477029},
    keywords = {3D-printing, ANOVA Tukey HSD, Failure analysis, Layer thickness, Mechanical properties}
}

@misc{FailureFailureCriteria.com,
    title = {{Failure Surface Graphs - FailureCriteria.com}},
    url = {https://failurecriteria.com/failuresurfacegr.html}
}

@article{Berens2018FDMMaterials,
    title = {{FDM and Markforged materials}},
    year = {2018},
    author = {Berens, J and Impact, High},
    number = {1}
}

@article{Popescu2018FDMReview,
    title = {{FDM process parameters influence over the mechanical properties of polymer specimens: A review}},
    year = {2018},
    journal = {Polymer Testing},
    author = {Popescu, Diana and Zapciu, Aurelian and Amza, Catalin and Baciu, Florin and Marinescu, Rodica},
    month = {8},
    pages = {157--166},
    volume = {69},
    publisher = {Elsevier},
    url = {https://www.sciencedirect.com/science/article/pii/S0142941818306093?via%3Dihub},
    doi = {10.1016/j.polymertesting.2018.05.020},
    issn = {01429418},
    keywords = {3D printing, Fused deposition modeling, Mechanical properties, Process parameters, Tensile strength, Testing specimens}
}

@techreport{Nordgren2006FE-MODELLINGDissertation,
    title = {{FE-MODELLING OF PC/ABS-EXPERIMENTAL TESTS AND SIMULATIONS Master's Dissertation}},
    year = {2006},
    author = {Nordgren, Fredrik and Nyquist, Maria},
    url = {http://www.solid.lth.se/fileadmin/hallfasthetslara/utbildning/examensarbete/TFHF5123.pdf}
}

@book{Mallick2007Fiber-Composites,
    title = {{Fiber- Reinforced Composites}},
    year = {2007},
    author = {Mallick, P.K},
    isbn = {9780849342059}
}

@article{Cattenone2018FiniteData,
    title = {{Finite Element Analysis of Additive Manufacturing Based on Fused Deposition Modeling: Distortions Prediction and Comparison With Experimental Data}},
    year = {2018},
    journal = {Journal of Manufacturing Science and Engineering},
    author = {Cattenone, Alberto and Morganti, Simone and Alaimo, Gianluca and Auricchio, Ferdinando},
    number = {1},
    month = {11},
    pages = {011010},
    volume = {141},
    publisher = {American Society of Mechanical Engineers},
    url = {http://manufacturingscience.asmedigitalcollection.asme.org/article.aspx?doi=10.1115/1.4041626},
    doi = {10.1115/1.4041626},
    issn = {1087-1357},
    keywords = {Additive manufacturing, Bridges (Structures), Constitutive equations, Cooling, Dimensions, Errors, Finite element analysis, Modeling, Printing, Residual stresses, Shapes, Simulation, Springs, Stress, Temperature}
}

@article{Bergstrom2010FiniteTemperatures,
    title = {{Finite Element Modeling of Thermoplastics at Different Temperatures}},
    year = {2010},
    author = {Bergstr{\"{o}}m, Jörgen S},
    pages = {1--12},
    keywords = {Constitutive Model, Creep, Damage, Temperature-Dependence, Thermoplastics, UMAT, User material, VUMAT}
}

@inproceedings{Serban2015FiniteImpact,
    title = {{Finite Element Modelling of the Progressive Damage and Failure of Thermoplastic Polymers in Puncture Impact}},
    year = {2015},
    booktitle = {Procedia Engineering},
    author = {{\c{S}}erban, Dan Andrei and Mar{\c{s}}avina, Liviu and Modler, Niels},
    doi = {10.1016/j.proeng.2015.06.214},
    issn = {18777058},
    keywords = {Damage, Dynamic loading, Finite-element analysis, Puncture impact, Thermoplastic polymer}
}

@article{Somireddy2017FlexuralStudy,
    title = {{Flexural Behavior of Fdm Parts: Experimental, Analytical and Numerical Study}},
    year = {2017},
    journal = {Solid Freeform Fabrication Symposium},
    author = {Somireddy, Madhukar and Moraes, Diego A De and Czekanski, Aleksander},
    number = {March 2018},
    pages = {992--1004}
}

@book{Michael1985FractureMechanics,
    title = {{Fracture mechanics}},
    year = {1985},
    author = {Michael, Janssen},
    edition = {2},
    publisher = {DUP BLUE PRINT},
    isbn = {9040722218},
    doi = {10.1115/1.3143689},
    issn = {00036900}
}

@article{Hergenhahn2002FractureABS,
    title = {{Fracture Toughness of ABS}},
    year = {2002},
    author = {Hergenhahn, B R and Myers, Charles and Capehart, A N D Jack},
    number = {March},
    pages = {62--69},
    volume = {49},
    isbn = {0001762060}
}

@book{Van_der_Vegt2001FromPlastics,
    title = {{From Polymers to Plastics}},
    year = {2001},
    booktitle = {From Polymers to Plastics},
    author = {Van{\_}der{\_}Vegt, A.K.},
    publisher = {DUP Blue Print},
    url = {https://www.vssd.nl/hlf/m028.htm},
    isbn = {978-90-71301-62-9},
    doi = {10.1017/CBO9781107415324.004},
    issn = {1098-6596},
    pmid = {25246403},
    arxivId = {arXiv:1011.1669v3},
    keywords = {icle}
}

@article{Dabiri2014FullyModeling,
    title = {{Fully Resolved Numerical Simulations of Fused Deposition Modeling}},
    year = {2014},
    author = {Dabiri, Sadegh and Schmid, Steven and Tryggvason, Gretar},
    pages = {V002T02A045},
    isbn = {978-0-7918-4581-3},
    doi = {10.1115/msec2014-4107}
}

@article{Sai2010FusedModeling,
    title = {{Fused Deposition Modeling}},
    year = {2010},
    author = {Sai, P Chennakesava and Yeole, Shivraj},
    number = {December 2014},
    isbn = {9789384743123},
    doi = {10.1201/9780203910795.ch8},
    keywords = {--- additive manufacturing, fused deposition, layers, rapidprototyping, stereo lithography}
}

@misc{DhruvBhateFusedBlog,
    title = {{Fused Deposition Modeling (FDM) Properties: A Micromechanics Perspective – PADT, Inc. – The Blog}},
    author = {{Dhruv Bhate}},
    url = {http://www.padtinc.com/blog/the-focus/fused-deposition-modeling-fdm-properties-a-micromechanics-perspective}
}

@article{Brenken2018FusedReview,
    title = {{Fused filament fabrication of fiber-reinforced polymers: A review}},
    year = {2018},
    journal = {Additive Manufacturing},
    author = {Brenken, Bastian and Barocio, Eduardo and Favaloro, Anthony and Kunc, Vlastimil and Pipes, R. Byron},
    number = {January},
    pages = {1--16},
    volume = {21},
    publisher = {Elsevier},
    url = {https://doi.org/10.1016/j.addma.2018.01.002},
    doi = {10.1016/j.addma.2018.01.002},
    issn = {22148604},
    keywords = {Additive manufacturing, Extrusion deposition, Fused deposition modeling, Fused filament fabrication, Polymer composite materials}
}

@article{Harris1994GuidelinesGuidelines.,
    title = {{Guidelines for writing guidelines.}},
    year = {1994},
    journal = {CMAJ : Canadian Medical Association journal = journal de l"Association medicale canadienne},
    author = {Harris, W. R.},
    number = {5},
    pages = {507--508},
    volume = {151},
    issn = {08203946}
}

@article{Liu2016HomogenizationStructures,
    title = {{Homogenization of material properties in additively manufactured structures}},
    year = {2016},
    journal = {Computer-Aided Design},
    author = {Liu, Xingchen and Shapiro, Vadim},
    month = {9},
    pages = {71--82},
    volume = {78},
    publisher = {Elsevier},
    url = {https://www.sciencedirect.com/science/article/pii/S0010448516300379},
    doi = {10.1016/J.CAD.2016.05.017},
    issn = {0010-4485}
}

@article{CompanyHowMix,
    title = {{How Additive and Traditional Manufacturing Mix How Additive and Traditional Manufacturing Mix}},
    author = {Company, Printing Solutions}
}

@misc{HowAll,
    title = {{How to define a nonlinear material in FEA? - FEA for All}},
    url = {http://feaforall.com/nonlinear-material-model-fea/}
}

@article{Baker2018HowModel,
    title = {{How to get meaningful and correct results from your finite element model}},
    year = {2018},
    author = {B{\"{a}}ker, Martin},
    pages = {1--26},
    url = {http://arxiv.org/abs/1811.05753},
    arxivId = {1811.05753}
}

@misc{Harish2019ImplicitMethod,
    title = {{Implicit vs Explicit FEM: What is the Difference? | Finite Element Method}},
    year = {2019},
    author = {Harish, Ajay},
    url = {https://www.simscale.com/blog/2019/01/implicit-vs-explicit-fem/}
}

@techreport{HossainImprovingParameters,
    title = {{Improving Tensile Mechanical Properties of FDM-Manufactured Specimens via Modifying Build Parameters}},
    author = {Hossain, Mohammad Shojib and Ramos, Jorge and Espalin, David and Perez, Mireya and Wicker, Ryan and Keck, W M},
    url = {http://sffsymposium.engr.utexas.edu/Manuscripts/2013/2013-30-Hossain.pdf}
}

@article{Hart2018IncreasedAnnealing,
    title = {{Increased fracture toughness of additively manufactured amorphous thermoplastics via thermal annealing}},
    year = {2018},
    journal = {Polymer},
    author = {Hart, Kevin R. and Dunn, Ryan M. and Sietins, Jennifer M. and Hofmeister Mock, Clara M. and Mackay, Michael E. and Wetzel, Eric D.},
    pages = {192--204},
    volume = {144},
    publisher = {Elsevier Ltd},
    url = {https://doi.org/10.1016/j.polymer.2018.04.024},
    doi = {10.1016/j.polymer.2018.04.024},
    issn = {00323861},
    keywords = {Additive manufacturing, Fracture mechanics, Interface healing}
}

@article{Melro2012InfluenceMaterials,
    title = {{Influence of geometrical parameters on the elastic response of unidirectional composite materials}},
    year = {2012},
    journal = {Composite Structures},
    author = {Melro, A. R. and Camanho, P. P. and Pinho, S. T.},
    number = {11},
    pages = {3223--3231},
    volume = {94},
    publisher = {Elsevier Ltd},
    url = {http://dx.doi.org/10.1016/j.compstruct.2012.05.004},
    doi = {10.1016/j.compstruct.2012.05.004},
    issn = {02638223},
    keywords = {Elastic properties, Micromechanics, Periodic boundary conditions}
}

@article{Alaimo2017InfluenceParts,
    title = {{Influence of meso-structure and chemical composition on FDM 3D-printed parts}},
    year = {2017},
    journal = {Composites Part B: Engineering},
    author = {Alaimo, Gianluca and Marconi, Stefania and Costato, Luca and Auricchio, Ferdinando},
    month = {3},
    pages = {371--380},
    volume = {113},
    publisher = {Elsevier},
    url = {https://www.sciencedirect.com/science/article/pii/S1359836816330037},
    doi = {10.1016/J.COMPOSITESB.2017.01.019},
    issn = {1359-8368}
}

@article{Tian2016InterfaceComposites,
    title = {{Interface and performance of 3D printed continuous carbon fiber reinforced PLA composites}},
    year = {2016},
    journal = {Composites Part A: Applied Science and Manufacturing},
    author = {Tian, Xiaoyong and Liu, Tengfei and Yang, Chuncheng and Wang, Qingrui and Li, Dichen},
    pages = {198--205},
    volume = {88},
    publisher = {Elsevier Ltd},
    url = {http://dx.doi.org/10.1016/j.compositesa.2016.05.032},
    doi = {10.1016/j.compositesa.2016.05.032},
    issn = {1359835X},
    keywords = {3D printing, Continuous carbon fiber, Fiber reinforced thermoplastic composites, Interface}
}

@article{Aliheidari2018InterlayerProcess,
    title = {{Interlayer adhesion and fracture resistance of polymers printed through melt extrusion additive manufacturing process}},
    year = {2018},
    journal = {Materials {\&} Design},
    author = {Aliheidari, Nahal and Christ, Josef and Tripuraneni, Rajasekhar and Nadimpalli, Siva and Ameli, Amir},
    month = {10},
    pages = {351--361},
    volume = {156},
    url = {https://linkinghub.elsevier.com/retrieve/pii/S0264127518305318},
    doi = {10.1016/j.matdes.2018.07.001},
    issn = {02641275}
}

@article{Aliheidari2018InterlayerProcessb,
    title = {{Interlayer adhesion and fracture resistance of polymers printed through melt extrusion additive manufacturing process}},
    year = {2018},
    journal = {Materials and Design},
    author = {Aliheidari, Nahal and Christ, Josef and Tripuraneni, Rajasekhar and Nadimpalli, Siva and Ameli, Amir},
    number = {July},
    pages = {351--361},
    volume = {156},
    doi = {10.1016/j.matdes.2018.07.001},
    issn = {18734197},
    keywords = {3D printing, Additive manufacturing, Fracture resistance, Fused deposition modeling, Interlayer adhesion, Process parameters}
}

@article{Gebisa2018InvestigatingExperiment,
    title = {{Investigating effects of Fused-deposition modeling (FDM) processing parameters on flexural properties of ULTEM 9085 using designed experiment}},
    year = {2018},
    journal = {Materials},
    author = {Gebisa, Aboma Wagari and Lemu, Hirpa G},
    number = {4},
    month = {3},
    volume = {11},
    publisher = {Multidisciplinary Digital Publishing Institute (MDPI)},
    url = {http://www.ncbi.nlm.nih.gov/pubmed/29584674 http://www.pubmedcentral.nih.gov/articlerender.fcgi?artid=PMC5951346},
    doi = {10.3390/ma11040500},
    issn = {19961944},
    pmid = {29584674},
    keywords = {Flexural property, Full factorial design, Fused-deposition modeling, Optimization, ULTEM 9085}
}

@article{Appelsved2012InvestigationModels,
    title = {{Investigation of Mechanical Properties of Thermoplastics with Implementations of LS-DYNA Material Models}},
    year = {2012},
    journal = {Degree project in Solid Mechanics},
    author = {Appelsved, Peter},
    pages = {48}
}

@article{Raut2014InvestigationParts,
    title = {{Investigation of the Effect of Built Orientation on Mechanical Properties and Total Cost of FDM Parts}},
    year = {2014},
    journal = {Procedia Materials Science},
    author = {Raut, Sandeep and Jatti, VijayKumar S. and Khedkar, Nitin K. and Singh, T.P.},
    number = {Icmpc},
    pages = {1625--1630},
    volume = {6},
    publisher = {Elsevier Ltd},
    url = {http://dx.doi.org/10.1016/j.mspro.2014.07.146},
    isbn = {22118128},
    doi = {10.1016/j.mspro.2014.07.146},
    issn = {22118128},
    keywords = {Acrylonitrile butadiene styrene, Built orientation, Catalyst software, Fused deposition modeling, Tensile strenght}
}

@article{ASTMInternational2018ISORecommendations,
    title = {{ISO / ASTM Additive manufacturing - Design - Requirements , guidelines and recommendations}},
    year = {2018},
    author = {{ASTM International} and {ISO}},
    volume = {2018}
}

@article{ASTMInternational2017ISOParts,
    title = {{ISO / ASTM Additive manufacturing 52900 — General principles — Requirements for purchased AM parts}},
    year = {2017},
    author = {{ASTM International} and {ISO}},
    volume = {2016}
}

@article{KeyanWang2016Johnson-cookParameters,
    title = {{Johnson-cook failure parameters}},
    year = {2016},
    journal = {McMaster University},
    author = {{Keyan Wang}},
    pages = {103}
}

@article{Mohr2016Lecture1D,
    title = {{Lecture {\#}4 – Fall 2015 Lecture {\#}4: Integration Algorithms for Rate-independent Plasticity (1D)}},
    year = {2016},
    author = {Mohr, Dirk},
    pages = {1--34}
}

@article{Bellini2004LiquefierDeposition,
    title = {{Liquefier Dynamics in Fused Deposition}},
    year = {2004},
    journal = {Journal of Manufacturing Science and Engineering},
    author = {Bellini, Anna and Güçeri, Selçuk and Bertoldi, Maurizio},
    number = {2},
    pages = {237},
    volume = {126},
    url = {http://manufacturingscience.asmedigitalcollection.asme.org/article.aspx?articleid=1448627},
    doi = {10.1115/1.1688377},
    issn = {10871357}
}

@article{IdMadeSpace,
    title = {{Made In Space | Additive Manufacturing in Space}},
    author = {Id, Document},
    url = {http://www.madeinspace.us/}
}

@article{Berens2018MarkForgedResearch,
    title = {{MarkForged Materials Research}},
    year = {2018},
    author = {Berens, J.},
    url = {https://markforged.com/materials/}
}

@article{Montero2001MaterialExperiments,
    title = {{Material characterization of fused deposition modeling (FDM) ABS by designed experiments}},
    year = {2001},
    journal = {Proceedings of Rapid Prototyping and Manufacturing Conference},
    author = {Montero, Michael and Roundy, Shad and Odell, Dan},
    pages = {1--21},
    url = {http://groups.csail.mit.edu/drl/wiki/images/e/e7/Montero_Roundy_Odell_Ahn_Wright_2001_Material_Characterization_of_Fused_Deposition_Modeling_FDM_ABS_by_Designed_Experiments.pdf},
    keywords = {ABS, Anisotropy, Critical Parameters, Fused Deposition Modeling, Mechanical}
}

@article{ABAQUS2006MaterialFailure,
    title = {{Material Damage and Failure}},
    year = {2006},
    journal = {ABAQUS},
    author = {{ABAQUS}},
    pages = {1--19}
}

@article{Reithofer2018MaterialFailure,
    title = {{Material Models for Thermoplastics in LS-DYNA {\textregistered} from Deformation to Failure}},
    year = {2018},
    author = {Reithofer, P and Fertschej, A and Hirschmann, B and Jilka, B and Rollant, M},
    pages = {1--19}
}

@article{Letcher2014MaterialPrinter,
    title = {{Material Property Testing of 3D-Printed Specimen in PLA on an Entry-Level 3D Printer}},
    year = {2014},
    journal = {Volume 2A: Advanced Manufacturing},
    author = {Letcher, Todd and Waytashek, Megan},
    number = {February},
    pages = {V02AT02A014},
    url = {http://proceedings.asmedigitalcollection.asme.org/proceeding.aspx?doi=10.1115/IMECE2014-39379},
    isbn = {978-0-7918-4643-8},
    doi = {10.1115/IMECE2014-39379}
}

@article{Farbman2016MaterialsDesign,
    title = {{Materials Testing of 3D Printed ABS and PLA Samples to Guide Mechanical Design}},
    year = {2016},
    author = {Farbman, Daniel and McCoy, Chris},
    number = {July},
    pages = {V002T01A015},
    isbn = {978-0-7918-4990-3},
    doi = {10.1115/msec2016-8668},
    keywords = {MSEC2016-8668}
}

@article{Rodriguez2001MechanicalInvestigation,
    title = {{Mechanical behavior of acrylonitrile butadiene styrene (ABS) fused deposition materials. Experimental investigation}},
    year = {2001},
    journal = {Rapid Prototyping Journal},
    author = {Rodr{\'{i}}guez, José F and Thomas, James P and Renaud, John E},
    number = {3},
    pages = {148--158},
    volume = {7},
    url = {https://doi.org/10.1108/13552540110395547},
    doi = {10.1108/13552540110395547},
    issn = {13552546},
    keywords = {Deposition, Mechanical properties}
}

@article{Rodriguez2003MechanicalModeling,
    title = {{Mechanical behavior of acrylonitrile butadiene styrene fused deposition materials modeling}},
    year = {2003},
    journal = {Rapid Prototyping Journal},
    author = {Rodr{\'{i}}guez, José F. and Thomas, James P and Renaud, John E},
    number = {4},
    pages = {219--230},
    volume = {9},
    doi = {10.1108/13552540310489604},
    issn = {13552546},
    keywords = {Fused deposition modelling, Mechanical properties of materials}
}

@article{Dawoud2016MechanicalTechniques,
    title = {{Mechanical behaviour of ABS: An experimental study using FDM and injection moulding techniques}},
    year = {2016},
    journal = {Journal of Manufacturing Processes},
    author = {Dawoud, Michael and Taha, Iman and Ebeid, Samy J.},
    pages = {39--45},
    volume = {21},
    publisher = {The Society of Manufacturing Engineers},
    url = {http://dx.doi.org/10.1016/j.jmapro.2015.11.002},
    isbn = {15266125 (ISSN)},
    doi = {10.1016/j.jmapro.2015.11.002},
    issn = {15266125},
    keywords = {Acrylonitrile butadiene styrene, DIY 3D printers, Fused deposition modelling, Injection moulding}
}

@article{Dizon2018MechanicalPolymers,
    title = {{Mechanical characterization of 3D-printed polymers}},
    year = {2018},
    journal = {Additive Manufacturing},
    author = {Dizon, John Ryan C. and Espera, Alejandro H. and Chen, Qiyi and Advincula, Rigoberto C.},
    number = {December},
    pages = {44--67},
    volume = {20},
    publisher = {Elsevier B.V.},
    url = {http://dx.doi.org/10.1016/j.addma.2017.12.002},
    isbn = {1111111111},
    doi = {10.1016/j.addma.2017.12.002},
    issn = {22148604},
    pmid = {26873110},
    keywords = {3D printing, Additive manufacturing, Mechanical properties and standards, Polymer, Polymer nanocomposites, Post-processing}
}

@article{Somireddy2017MechanicalMesostructure,
    title = {{Mechanical Characterization of Additively Manufactured Parts by FE Modeling of Mesostructure}},
    year = {2017},
    journal = {Journal of Manufacturing and Materials Processing},
    author = {Somireddy, Madhukar and Czekanski, Aleksander},
    number = {2},
    month = {11},
    pages = {18},
    volume = {1},
    publisher = {Multidisciplinary Digital Publishing Institute},
    url = {http://www.mdpi.com/2504-4494/1/2/18},
    doi = {10.3390/jmmp1020018},
    issn = {2504-4494},
    keywords = {anisotropic property, finite element analysis, fused deposition modeling, laminate mechanics, mechanical testing, mesostructure}
}

@article{Bellini2003MechanicalModeling,
    title = {{Mechanical characterization of parts fabricated using fused deposition modeling}},
    year = {2003},
    journal = {Rapid Prototyping Journal},
    author = {Bellini, Anna and G{\"{u}}{\c{c}}eri, Selçuk},
    number = {4},
    month = {10},
    pages = {252--264},
    volume = {9},
    publisher = {MCB UP Ltd},
    url = {http://www.emeraldinsight.com/doi/10.1108/13552540310489631},
    doi = {10.1108/13552540310489631},
    issn = {1355-2546},
    keywords = {Layered manufacturing, Mechanical properties of materials}
}

@article{Bertoldi1998MechanicalDeposition,
    title = {{Mechanical characterization of parts processed via fused deposition}},
    year = {1998},
    journal = {Solid Freeform Fabrication Proceedings},
    author = {Bertoldi, M and Yardimci, M a and Pistor, C M and Guceri, S I and Sala, G},
    pages = {557--565},
    isbn = {1053-2153{\textbackslash}n*************},
    issn = {1053-2153}
}

@article{Sagias2018MechanicalSpecimens,
    title = {{Mechanical properties of 3D printed polymer specimens}},
    year = {2018},
    journal = {Procedia Structural Integrity},
    author = {Sagias, V.D. and Giannakopoulos, K.I. and Stergiou, C.},
    month = {1},
    pages = {85--90},
    volume = {10},
    publisher = {Elsevier},
    url = {https://www.sciencedirect.com/science/article/pii/S2452321618300611},
    doi = {10.1016/J.PROSTR.2018.09.013},
    issn = {2452-3216}
}

@article{Szykiedans2016MechanicalPrints,
    title = {{Mechanical properties of FDM and SLA low-cost 3-D prints}},
    year = {2016},
    journal = {Procedia Engineering},
    author = {Szykiedans, Ksawery and Credo, Wojciech},
    pages = {257--262},
    volume = {136},
    publisher = {Elsevier B.V.},
    url = {http://dx.doi.org/10.1016/j.proeng.2016.01.207},
    isbn = {1183101491201},
    doi = {10.1016/j.proeng.2016.01.207},
    issn = {18777058},
    keywords = {3-D prints, FDM mechanical properties, XYZprinting photopolymer resin, Zortrax filaments, tensile modulus}
}

@techreport{BagsikMECHANICALULTEM9085,
    title = {{MECHANICAL PROPERTIES OF FUSED DEPOSITION MODELING PARTS MANUFACTURED WITH ULTEM*9085}},
    author = {Bagsik, Agnes and Sch{\"{o}}ppner, Volker and Paderborn, Kunststofftechnik},
    url = {https://pdfs.semanticscholar.org/248c/5f480588f3d6fe6e11ac6de9365bc3bdc94f.pdf}
}

@article{Domingo-Espin2015MechanicalParts,
    title = {{Mechanical property characterization and simulation of fused deposition modeling Polycarbonate parts}},
    year = {2015},
    journal = {Materials and Design},
    author = {Domingo-Espin, Miquel and Puigoriol-Forcada, Josep M. and Garcia-Granada, Andres Amador and Llum{\`{a}}, Jordi and Borros, Salvador and Reyes, Guillermo},
    pages = {670--677},
    volume = {83},
    publisher = {Elsevier Ltd},
    url = {http://dx.doi.org/10.1016/j.matdes.2015.06.074},
    isbn = {02641275 (ISSN)},
    doi = {10.1016/j.matdes.2015.06.074},
    issn = {18734197},
    pmid = {8911474},
    keywords = {Constitutive model, Finite element analysis, Fused deposition modeling, Mechanical behaviour, Stiffness matrix}
}

@article{Davis2017Mechanical,
    title = {{Mechanical strength of welding zones produced by polymer extrusion additive manufacturing ଝ}},
    year = {2017},
    journal = {Additive Manufacturing},
    author = {Davis, Chelsea S and Hillgartner, Kaitlyn E and Hoon, Seung and Seppala, Jonathan E},
    pages = {162--166},
    volume = {16},
    publisher = {Elsevier B.V.},
    url = {http://dx.doi.org/10.1016/j.addma.2017.06.006},
    doi = {10.1016/j.addma.2017.06.006},
    issn = {2214-8604}
}

@misc{MechanicalEngineerDog,
    title = {{Mechanical Testing 3D Printed Parts: Results and Recommendations – EngineerDog}},
    url = {https://engineerdog.com/2015/09/02/mechanical-testing-3d-printed-parts-results-and-recommendations/}
}

@article{BroekensMechanicsThermoplastics,
    title = {{Mechanics of fused filament fab- ricated thermoplastics}},
    author = {Broekens, Marten Renze}
}

@article{Patil2018MeshANSYS,
    title = {{Mesh convergence study and estimation of discretization error of hub in clutch disc with integration of ANSYS}},
    year = {2018},
    journal = {IOP Conference Series: Materials Science and Engineering},
    author = {Patil, Hemesh and Jeyakarthikeyan, P V},
    pages = {012065},
    volume = {402},
    doi = {10.1088/1757-899x/402/1/012065}
}

@article{Anderson2004MesoscaleWelding,
    title = {{Mesoscale modelling of polymer welding}},
    year = {2004},
    journal = {Materials Science and Engineering A},
    author = {Anderson, K. L. and Wescott, J. T. and Carver, T. J. and Windle, A. H.},
    number = {1-2},
    pages = {14--24},
    volume = {365},
    doi = {10.1016/j.msea.2003.09.002},
    issn = {09215093},
    keywords = {Mesoscale modelling, Mont{\'{e}} Carlo, Polymer, Simulation, Welding}
}

@article{Schussler2018Metamaterials2017,
    title = {{Metamaterials for Defence application RVO study 2017}},
    year = {2018},
    author = {Schussler, G J}
}

@article{Melro2013MicromechanicalModelling,
    title = {{Micromechanical analysis of polymer composites reinforced by unidirectional fibres: Part I-Constitutive modelling}},
    year = {2013},
    journal = {International Journal of Solids and Structures},
    author = {Melro, A. R. and Camanho, P. P. and Andrade Pires, F. M. and Pinho, S. T.},
    number = {11-12},
    pages = {1897--1905},
    volume = {50},
    publisher = {Elsevier Ltd},
    url = {http://dx.doi.org/10.1016/j.ijsolstr.2013.02.009},
    doi = {10.1016/j.ijsolstr.2013.02.009},
    issn = {00207683},
    keywords = {Composites, Damage, Epoxy, FEA, Plasticity}
}

@article{Bellehumeur2004ModelingProcess,
    title = {{Modeling of bond formation between polymer filaments in the fused deposition modeling process}},
    year = {2004},
    journal = {Journal of Manufacturing Processes},
    author = {Bellehumeur, Céline and Li, Longmei and Sun, Qian and Gu, Peihua},
    number = {2},
    pages = {170--178},
    volume = {6},
    url = {https://pdfs.semanticscholar.org/d9be/e3e1e6449a6e813e47f480407d72e6ed2477.pdf},
    doi = {10.1016/S1526-6125(04)70071-7},
    issn = {15266125},
    keywords = {Acrylonitrile Butadiene Styrene (ABS), Freeform Fabrication, Laminated Object Manufacturing, Polymer Sintering, Rapid Prototyping, Thermal Analysis}
}

@article{Thomas2000ModelingRoads,
    title = {{Modeling the Fracture Strength Between Fused-Deposition Extruded Roads}},
    year = {2000},
    journal = {Solid Freeform Fabrication Proceedings},
    author = {Thomas, J P and Fodriguez, J F},
    pages = {17--23},
    url = {http://sffsymposium.engr.utexas.edu/Manuscripts/2000/2000-03-Thomas.pdf},
    isbn = {1053-2153{\textbackslash}n*************}
}

@article{Fedulov2017ModellingComposites,
    title = {{Modelling of thermoplastic polymer failure in fiber reinforced composites}},
    year = {2017},
    journal = {Composite Structures},
    author = {Fedulov, B. N. and Safonov, A. A. and Kantor, M. M. and Lomov, S. V.},
    doi = {10.1016/j.compstruct.2016.11.091},
    issn = {02638223},
    keywords = {Failure criterion, Plasticity criterion, Polyetheretherketone (PEEK), Thermoplastic composite}
}

@article{Mabessatudelftnl2018MS43025Theory,
    title = {{MS43025 – Part 5 : Polymer Composites Lecture 1 : Composite elasticity and Classical Laminate Theory}},
    year = {2018},
    author = {Mabessatudelftnl, Miguel A Bessa}
}

@article{Jeridi2014Multi-mechanismPolymers,
    title = {{Multi-mechanism modeling of amorphous polymers To cite this version : HAL Id : hal-00977262 Multi-mechanism modeling of Amorphous polymers}},
    year = {2014},
    author = {Jeridi, Mohieddine and Chouchene, Houda and Keryvin, Vincent and Sai, Kacem and Jeridi, Mohieddine and Chouchene, Houda and Keryvin, Vincent and Multi-mechanism, Kacem Sai},
    pages = {136--142}
}

@article{2019NEN-EN-ISOParts,
    title = {{NEN-EN-ISO / ASTM 52901 General principles - Requirements for purchased AM parts}},
    year = {2019},
    number = {november 2018}
}

@article{2019NEN-EN-ISOTestmethoden,
    title = {{NEN-EN-ISO / ASTM 52921 Standaardterminologie voor 3D-printen - Co{\"{o}}rdinatenstelsels en testmethoden}},
    year = {2019}
}

@article{NEN-EN-ISO2019NEN-EN-ISOTestmethoden,
    title = {{NEN-EN-ISO 17296-3 3D-printen - Algemene beginselen - Deel 3: Belangrijkste eigenschappen en bijbehorende testmethoden}},
    year = {2019},
    author = {{NEN-EN-ISO}},
    volume = {3}
}

@article{NEN-EN-ISO2014NEN-EN-ISO179-1,
    title = {{NEN-EN-ISO 179-1}},
    year = {2014},
    author = {{NEN-EN-ISO}}
}

@article{NEN-EN-ISO2016NEN-EN-ISO527-2,
    title = {{NEN-EN-ISO 527-2}},
    year = {2016},
    author = {{NEN-EN-ISO}}
}

@article{ISO2013NEN-EN-ISO527-4,
    title = {{NEN-EN-ISO 527-4}},
    year = {2013},
    author = {{ISO}}
}

@article{Nen-en-iso2018NEN-EN-ISO527-5,
    title = {{NEN-EN-ISO 527-5}},
    year = {2018},
    author = {Nen-en-iso, Vervangt}
}

@misc{Ni-2015.pdf,
    title = {{Ni-2015.pdf}}
}

@article{Forster2015NISTApplicability,
    title = {{NIST Materials Testing Standards for Additive Manufacturing of Polymer Materials : state of the Art and Standars Applicability}},
    year = {2015},
    author = {Forster, Aaron M},
    pages = {9--20},
    volume = {1},
    isbn = {9781634833035},
    doi = {http://dx.doi.org/10.6028/NIST.IR.8059},
    keywords = {Additive manufacturing, Metal powders, Powder flowability, Powder properties, additive manufacturing, mechanical properties, polymer, standards, testing}
}

@book{FEM22014NonlinearEdition,
    title = {{Nonlinear Finite Elements for Continua and Structures Second Edition RED BOX RULES ARE FOR PROOF STAGE ONLY. DELETE BEFORE FINAL PRINTING. Nonlinear Finite Elements for Continua and Structures Second Edition}},
    year = {2014},
    author = {{FEM2}},
    number = {1},
    pages = {830},
    url = {https://www.wiley.com/en-us/Nonlinear+Finite+Elements+for+Continua+and+Structures%2C+2nd+Edition-p-9781118632703},
    isbn = {9781909507227},
    doi = {10.1088/1751-8113/44/8/085201},
    issn = {20491034},
    pmid = {25246403},
    arxivId = {1011.1669}
}

@misc{Holzapfel2002NonlinearScience,
    title = {{Nonlinear Solid Mechanics: A Continuum Approach for Engineering Science}},
    year = {2002},
    booktitle = {Meccanica},
    author = {Holzapfel, Gerhard},
    number = {4/5},
    pages = {489--490},
    volume = {37},
    doi = {10.1023/A:1020843529530},
    issn = {0025-6455},
    keywords = {applied mechanics, computational mechanics, computational physics, mathematics, nonlinear system, solid mechanics, statistical physics}
}

@article{Guide2007NPLModels,
    title = {{NPL Manual Manual for the Calculation of Elastic-Plastic Materials Models Parameters Contents Introduction Overview of elastic-plastic models}},
    year = {2007},
    journal = {National Physical Laboratory},
    author = {Guide, This Electronic},
    pages = {49},
    volume = {1}
}

@article{Sheth2017NumericalOrientation,
    title = {{Numerical Investigation of Stiffness Properties of FDM Parts as a Function of Raster Orientation}},
    year = {2017},
    author = {Sheth, Sanchita and Taylor, Robert M},
    pages = {1112--1120}
}

@article{KevinBrownRichardBrooksNumericalMaterials,
    title = {{Numerical simulation of damage in thermoplastic composite materials}},
    author = {Kevin Brown, Richard Brooks, Nicholas Warrior},
    url = {https://www.dynalook.com/conferences/european-conf-2005/Brown.pdf}
}

@article{Rau2017OnPEEK,
    title = {{On compression and damage evolution in PTFE and PEEK}},
    year = {2017},
    journal = {AIP Conference Proceedings},
    author = {Rau, C. and Parry, S. and Garcea, S. C. and Bourne, N. K. and McDonald, S. A. and Eastwood, D. S. and Brown, E. N. and Withers, P. J.},
    volume = {1793},
    isbn = {9780735414570},
    doi = {10.1063/1.4971726},
    issn = {15517616}
}

@article{Jiang2008OnMathematica,
    title = {{On Teaching Finite Element Method in Plasticity With Mathematica}},
    year = {2008},
    journal = {233{\`{A}}242},
    author = {Jiang, Yansheng and Wang, Chong},
    url = {www.interscience.wiley.com},
    doi = {10.1002/cae.20135},
    keywords = {Mathematica, finite element method, plasticity, symbolic computation}
}

@article{Bergsma2017OnProces,
    title = {{On the Assesment of Additive Manufacturing Potential in the Maritime Construction Sector: The effect on the production proces}},
    year = {2017},
    author = {Bergsma, J.},
    url = {uuid:39b4f6a7-901a-4ac1-b944-ece1ba184b96}
}

@article{Zywicz1999OnMedia,
    title = {{On the equivalence of stress- and strain-based failure criteria in Elastic Media}},
    year = {1999},
    journal = {European Journal of Mechanics - A/Solids},
    author = {Zywicz, Edward},
    number = {3},
    month = {5},
    pages = {391--398},
    volume = {18},
    url = {https://linkinghub.elsevier.com/retrieve/pii/S0997753899001291},
    doi = {10.1016/S0997-7538(99)00129-1},
    issn = {09977538}
}

@article{3DHubs2018OnlineQ4/2018,
    title = {{Online Manufacturing Trends Q4/2018}},
    year = {2018},
    author = {{3D Hubs}}
}

@article{Mohamed2015OptimizationProspects,
    title = {{Optimization of fused deposition modeling process parameters: a review of current research and future prospects}},
    year = {2015},
    journal = {Advances in Manufacturing},
    author = {Mohamed, Omar A. and Masood, Syed H. and Bhowmik, Jahar L.},
    number = {1},
    month = {3},
    pages = {42--53},
    volume = {3},
    publisher = {Shanghai University},
    url = {http://link.springer.com/10.1007/s40436-014-0097-7},
    doi = {10.1007/s40436-014-0097-7},
    issn = {21953597},
    keywords = {Additive manufacturing, Experimental design, Fused deposition modeling (FDM), Mechanical properties, Part quality, Process parameters}
}

@article{Johansson2016OptimizingBonding,
    title = {{Optimizing Fused Filament Fabrication 3D printing for durability Tensile properties {\&} layer bonding}},
    year = {2016},
    author = {Johansson, Frans}
}

@article{Casavola2016OrthotropicTheory,
    title = {{Orthotropic mechanical properties of fused deposition modelling parts described by classical laminate theory}},
    year = {2016},
    journal = {Materials {\&} Design},
    author = {Casavola, Caterina and Cazzato, Alberto and Moramarco, Vincenzo and Pappalettere, Carmine},
    month = {1},
    pages = {453--458},
    volume = {90},
    url = {https://linkinghub.elsevier.com/retrieve/pii/S0264127515307516},
    doi = {10.1016/j.matdes.2015.11.009},
    issn = {02641275}
}

@techreport{NATOPerspectivesOperations,
    title = {{Perspectives on the Use of Additive Manufacturing in NATO Operations}},
    author = {{NATO}}
}

@article{Balani2015PhysicalPolymers,
    title = {{Physical, Thermal, and Mechanical Properties of Polymers}},
    year = {2015},
    journal = {Biosurfaces},
    author = {Balani, Kantesh and Verma, Vivek and Agarwal, Arvind and Narayan, Roger},
    pages = {329--344},
    url = {https://onlinelibrary.wiley.com/doi/pdf/10.1002/9781118950623.app1},
    isbn = {9781118950623},
    doi = {10.1002/9781118950623.app1}
}

@techreport{McilroyPhysics,
    title = {{Physics Challenges in Additive Manufacturing with Polymers Challenges !}},
    author = {Mcilroy, Claire},
    pages = {21},
    url = {https://www.turing-gateway.cam.ac.uk/sites/default/files/asset/doc/1809/Olmsted_Edwards_Sept2018_ToUploadPDF_VersionSmall.pdf}
}

@article{Ali2016PlasticPolymers,
    title = {{Plastic Instability During Stretching Solid Polymers}},
    year = {2016},
    journal = {The Third International Conference on Fracture Mechanics},
    author = {Ali, Boudjellel Moulay and Bouiadjera, Belabbes Bachir and Elmeguenni, Mohamed and Bahri, El and Chikh, Ould},
    number = {November}
}

@article{NENISO2012PlasticsPlastiques,
    title = {{Plastics - Determination of tensile properties - Part 1: General principles (ISO 527-1:2012) Plastiques}},
    year = {2012},
    author = {{NEN ISO}}
}

@book{Halary2011PolymerMaterials,
    title = {{Polymer Materials}},
    year = {2011},
    booktitle = {Polymer Materials},
    author = {Halary, Jean Louis},
    publisher = {Wiley},
    isbn = {9780470616192}
}

@misc{PolymerBooks,
    title = {{Polymer Microscopy - Linda Sawyer, David T. Grubb, Gregory F. Meyers - Google Books}},
    url = {https://books.google.nl/books?id=z9Mvjy-eLM8C&pg=PA227&lpg=PA227&dq=effect+of+freezing+polymers+with+nitrogen&source=bl&ots=tT9zSyutBB&sig=ACfU3U3-DYYh3i-fzMwOdC8_fALFbnUZYQ&hl=en&sa=X&ved=2ahUKEwjG1duC0sfhAhUBJVAKHVpCDXkQ6AEwAHoECAkQAQ#v=onepage&q=effect}
}

@book{Rubinstein2003PolymerColby-standand.pdf,
    title = {{Polymer Physics Michael Rubinstein, Ralph H Colby-standand.pdf}},
    year = {2003},
    author = {Rubinstein, Michael and Colby, R. H.},
    isbn = {9781450307321},
    doi = {10.1145/2024288.2024304}
}

@misc{PtolinePolymersCrystalline,
    title = {{Polymers, Ingjection molding of amorphous and crystalline}},
    author = {{Ptoline}},
    url = {https://www.ptonline.com/columns/injection-molding-}
}

@inproceedings{Bartolai2016PredictingManufacturing,
    title = {{Predicting Strength of Thermoplastic Polymer Parts Produced Using Additive Manufacturing}},
    year = {2016},
    booktitle = {Solid Freeform Fabrication 2016: Proceedings of the 26th Annual International},
    author = {Bartolai, Joseph and Simpson, Timothy W and Xie, Renxuan},
    pages = {951--963}
}

@misc{Simplefy3DPrintGuide,
    title = {{Print Quality Troubleshooting Guide}},
    author = {{Simplefy3D}},
    url = {https://www.simplify3d.com/support/print-quality-troubleshooting/}
}

@article{TNO2017ProcesbegeleidingLearned,
    title = {{Procesbegeleiding productie d.m.v. 3D-printen: Lessons learned}},
    year = {2017},
    author = {{TNO}}
}

@inproceedings{Knoop2017QualityOptimization,
    title = {{Quality improvement of FDM parts by parameter optimization}},
    year = {2017},
    booktitle = {AIP Conference Proceedings},
    author = {Knoop, F and Kloke, A and Schoeppner, V},
    pages = {190004},
    volume = {1914},
    url = {https://doi.org/10.1063/1.4963614},
    isbn = {9780735416062},
    doi = {10.1063/1.5016790},
    issn = {15517616},
    keywords = {ABS-M30, Additive Manufacturing, Fused Deposition Modeling, Mechanical Properties, Quality Improvement}
}

@article{Peterson2019ReviewPerspective,
    title = {{Review of acrylonitrile butadiene styrene in fused filament fabrication: A plastics engineering-focused perspective}},
    year = {2019},
    journal = {Additive Manufacturing},
    author = {Peterson, Amy M.},
    month = {5},
    pages = {363--371},
    volume = {27},
    url = {https://linkinghub.elsevier.com/retrieve/pii/S2214860419300302},
    doi = {10.1016/j.addma.2019.03.030},
    issn = {22148604}
}

@article{RNENE,
    title = {{Ŕ{\'{N}} Ƽĕ{\^{E}} ƞ{\textcopyright}{\^{E}}{\'{N}}{\^{E}}}}
}

@article{Spreeman2019RoleBlends,
    title = {{Role of compatibilizer in 3D printing of polymer blends}},
    year = {2019},
    journal = {Additive Manufacturing},
    author = {Spreeman, Matthew E. and Stretz, Holly A. and Dadmun, Mark D.},
    month = {5},
    pages = {267--277},
    volume = {27},
    publisher = {Elsevier},
    url = {https://www.sciencedirect.com/science/article/pii/S2214860418308455?dgcid=raven_sd_via_email},
    doi = {10.1016/J.ADDMA.2019.03.009},
    issn = {2214-8604}
}

@article{Hervy2017SampleNanopapers,
    title = {{Sample geometry dependency on the measured tensile properties of cellulose nanopapers}},
    year = {2017},
    journal = {Materials and Design},
    author = {Hervy, Martin and Santmarti, Alba and Lahtinen, Panu and Tammelin, Tekla and Lee, Koon Yang},
    pages = {421--429},
    volume = {121},
    publisher = {Elsevier Ltd},
    url = {http://dx.doi.org/10.1016/j.matdes.2017.02.081},
    doi = {10.1016/j.matdes.2017.02.081},
    issn = {18734197},
    keywords = {Bacterial cellulose, Cellulose nanofibre, Cellulose nanopaper, Fracture toughness, Tensile properties}
}

@article{Teschner2015SimulationGraphics,
    title = {{Simulation in Computer Graphics}},
    year = {2015},
    author = {Teschner, Matthias},
    url = {http://cg.informatik.uni-freiburg.de/course_notes/sim_02_particles.pdf}
}

@misc{GaryHodgsonSlic3rMath,
    title = {{Slic3r Manual – Flow Math}},
    author = {{Gary Hodgson}},
    url = {https://manual.slic3r.org/advanced/flow-math}
}

@misc{UltimakerSpeed,
    title = {{Speed}},
    author = {{Ultimaker}},
    url = {https://ultimaker.com/en/resources/52664-speed}
}

@techreport{ASTM2008Standard3039,
    title = {{Standard Test Method for Tensile Properties of Polymer Matrix Composite Materials, ASTM D 3039}},
    year = {2008},
    author = {{ASTM}},
    pages = {1--13}
}

@book{ChuaStandardManufacturing,
    title = {{Standard, Quality Control, and Measurements Sciences in 3D printing and Additive Manufacturing}},
    author = {Chua, Chee Kai and {Chee How Wong} and {Way Yee Yeong}},
    publisher = {Matthew Deans},
    isbn = {978-0-12-813489-4}
}

@article{Straathof2018StatisticalExperiments,
    title = {{Statistical design of the experiments}},
    year = {2018},
    author = {Straathof, M},
    pages = {1--8}
}

@book{WoolStrenghtInterfaces,
    title = {{Strenght of Polymer Interfaces}},
    author = {Wool, Richard P.}
}

@article{Kuznetsov2018StrengthProcess,
    title = {{Strength of PLA components fabricated with fused deposition technology using a desktop 3D printer as a function of geometrical parameters of the process}},
    year = {2018},
    journal = {Polymers},
    author = {Kuznetsov, Vladimir E. and Solonin, Alexey N. and Urzhumtsev, Oleg D. and Schilling, Richard and Tavitov, Azamat G.},
    number = {3},
    volume = {10},
    doi = {10.3390/polym10030313},
    issn = {20734360},
    keywords = {Additive manufacturing, Anisotropy, Desktop 3D printing, Digital fabrication, Fused deposition modeling, Fused filament fabrication, Interlayer bonds, Mechanical strength, Polylactic acid}
}

@article{Lin2013StressLoading,
    title = {{Stress state dependent failure loci of a talc-filled polypropylene material under static loading and dynamic loading}},
    year = {2013},
    journal = {13th International Conference on Fracture 2013, ICF 2013},
    author = {Lin, Shaoting and Xia, Yong and Lin, Chin Hsu and Wang, Jingyi and Gu, Gongyao},
    number = {1},
    pages = {865--880},
    volume = {2},
    keywords = {Failure locus, Stress triaxiality}
}

@article{Alsoufi2018SurfacePrinter,
    title = {{Surface Roughness Quality and Dimensional Accuracy—A Comprehensive Analysis of 100{\%} Infill Printed Parts Fabricated by a Personal/Desktop Cost-Effective FDM 3D Printer}},
    year = {2018},
    journal = {Materials Sciences and Applications},
    author = {Alsoufi, Mohammad S. and Elsayed, Abdulrhman E.},
    number = {01},
    pages = {11--40},
    volume = {09},
    doi = {10.4236/msa.2018.91002},
    issn = {2153-117X},
    keywords = {Additive Manufacturing (AM), Surface Roughness, Wa}
}

@techreport{Ultimaker2018TechnicalABS,
    title = {{Technical data sheet ABS}},
    year = {2018},
    author = {{Ultimaker}},
    url = {https://ultimaker.com/download/74972/UM180821 TDS ABS RB V12.pdf}
}

@techreport{EssentiumTechnicalPLA,
    title = {{Technical Data Sheet High Performance PLA}},
    author = {{Essentium}},
    url = {https://cdn.shopify.com/s/files/1/0019/5405/4209/files/Essentium_TDS_High_Performance_PLA.pdf?11555355853600115034%0A}
}

@techreport{UltimakerTechnicalPC,
    title = {{Technical data sheet PC}},
    author = {{Ultimaker}},
    url = {https://ultimaker.com/download/74975/UM180821%20TDS%20PC%20RB%20V11.pdf}
}

@techreport{UltimakerTechnicalPLA,
    title = {{Technical data sheet PLA}},
    author = {{Ultimaker}},
    url = {https://ultimaker.com/download/74970/UM180821%20TDS%20PLA%20RB%20V11.pdf}
}

@techreport{Yurgartis1995TECHNIQUESMESOSTRUCTURE,
    title = {{TECHNIQUES FOR THE QUANTIFICATION OF COMPOSITE MESOSTRUCTURE}},
    year = {1995},
    booktitle = {Composites Science and Technology},
    author = {Yurgartis, S W},
    pages = {145--154},
    volume = {53},
    url = {https://pdf.sciencedirectassets.com/271518/1-s2.0-S0266353800X00152/1-s2.0-0266353895000135/main.pdf?x-amz-security-token=FQoGZXIvYXdzECgaDMCkeNDQQSuSaoHlvCK3A9aXMjEkpuamODNLLDDfbcRyZAzCb6QmfeWayLP0cjzNRTGJz5BjTfcreR8G1XGzA8BPgJKUfOXrOom8rZicOCOALz4yYhAdHwF6NW4lMy84CSLLA6rzHzebCaORBuvbQMU0ExN%2BLOVuiSAqn17UF33yyPC%2FnVmaMdmU3JFxi7ppTiZ2jA2OCqgd1CL%2BkBUBPoXxaGFR3eJhG9Qk69GTnyzhNXB0IZ%2BH3fSvi%2BuNh40t0V3BluD45sqdCCliAZ06KdgfRpH62xkAvEqTd8girQK%2Bh3oQ26rN%2BuyMIXMlMGD4YJOZzMsXWIQ4rCaAmX18N%2FaHEiwBiPMs6xhKQ%2FpLulHZoGOaiWCVb%2Fb8gVVZCpgInk3%2FBQlMXYbAqg5lLlPetDHItXfXEBlTRqUL%2ByF9WTYqy6ge5CESrF8b5LdP6UKztDDk5Wm3zqeA3jEvFccOQ2H0KsAN5A8N5Fzf47f1NaOx%2BdtEWh9EK5ld%2FxXEZ3khyhiyoYr06wc2Ijd9s4KzJWPbYd2cQRi61TTT8U1dpS3gqt067ADUQKXHTAY0%2BCZtIz5P1DqHIgdDHVeHMJoo8HdGEnsJwNEo1KTe5AU%3D&AWSAccessKeyId=ASIAQ3PHCVTY6RVDHK6Q&Expires=1553441059&Signature=CF6QJETyjiO4bjBMczai1Bd%2BEhM%3D&hash=ae25d9fab66e6e01d0d6cba4fd95c53a3e749e4d36eab6b4d2141c003299f709&host=68042c943591013ac2b2430a89b270f6af2c76d8dfd086a07176afe7c76c2c61&pii=0266353895000135&tid=spdf-32789f3a-49c3-415f-99f8-bc3160804239&sid=a11950d5844b8241c4293c680dbe2f28db71gxrqb&type=client},
    keywords = {composite mesostructure, composite mic-rostructure, fiber dis-tribution, fiber orientation, image analysis, microcracking, yarn shape}
}

@article{Intertekexpert2018Tensile:,
    title = {{Tensile Properties Grips :}},
    year = {2018},
    author = {{Intertek expert}},
    pages = {2},
    volume = {c}
}

@article{Tanikella2017TensilePrinting,
    title = {{Tensile strength of commercial polymer materials for fused filament fabrication 3D printing}},
    year = {2017},
    journal = {Additive Manufacturing},
    author = {Tanikella, Nagendra G. and Wittbrodt, Ben and Pearce, Joshua M.},
    pages = {40--47},
    volume = {15},
    publisher = {Elsevier B.V.},
    url = {http://dx.doi.org/10.1016/j.addma.2017.03.005},
    doi = {10.1016/j.addma.2017.03.005},
    issn = {22148604},
    keywords = {3D printing, Distributed manufacturing, Mechanical properties, Polymers, RepRap}
}

@misc{TensileTwine,
    title = {{Tensile Tests on Threads, Yarns, and Twine}},
    url = {https://www.zwickroell.com/en/textiles/textile-materials/thread-yarn-twine}
}

@article{Fahrenholz2018TheZwick/Roell,
    title = {{The 2012 version of ISO 527 Plastics : Determination of tensile properties Zwick/Roell}},
    year = {2018},
    author = {Fahrenholz, Helmut},
    number = {October}
}

@book{Ben2017TheApplications,
    title = {{The 3D Printing Handbook: Technologies, Design and Applications}},
    year = {2017},
    booktitle = {The 3D Printing Handbook: Technologies, Design and Applications},
    author = {Ben, R.}
}

@book{Redwood2017TheApplications,
    title = {{The 3D Printing Handbook: Technologies, Design and Applications}},
    year = {2017},
    author = {Redwood, Ben},
    publisher = {3D hubs},
    url = {https://www.3dhubs.com/}
}

@article{Li2017TheProperties,
    title = {{The effect of process parameters in fused deposition modelling on bonding degree and mechanical properties}},
    year = {2017},
    journal = {Rapid Prototyping Journal Rapid Prototyping Journal Iss Rapid Prototyping Journal},
    author = {Li, Hongbin and Wang, Taiyong and Sun, Jian and Yu, Zhiqiang},
    number = {2},
    pages = {80--92},
    volume = {24},
    url = {https://doi.org/10.1108/RPJ-06-2016-0090},
    keywords = {Bonding degree, Deat transition, Fused deposition modelling, Mechanical property Paper type Research paper}
}

@article{Tronvoll2018TheApproach,
    title = {{The effects of voids on structural properties of fused deposition modelled parts: a probabilistic approach}},
    year = {2018},
    author = {Tronvoll, Sigmund A and Welo, Torgeir and Elverum, Christer W},
    url = {https://doi.org/10.1007/s00170-018-2148-x},
    doi = {10.1007/s00170-018-2148-x},
    keywords = {AM, Additive manufacturing, FDM, Fused deposition modelling, PLA, Polylactic acid, Voids}
}

@article{Rodriguez-Panes2018TheAnalysis,
    title = {{The Influence of Manufacturing Parameters on the Mechanical Behaviour of PLA and ABS Pieces Manufactured by FDM: A Comparative Analysis}},
    year = {2018},
    journal = {Materials},
    author = {Rodr{\'{i}}guez-Panes, Adrián and Claver, Juan and Camacho, Ana},
    number = {8},
    month = {8},
    pages = {1333},
    volume = {11},
    url = {http://www.ncbi.nlm.nih.gov/pubmed/30071663 http://www.pubmedcentral.nih.gov/articlerender.fcgi?artid=PMC6119930 http://www.mdpi.com/1996-1944/11/8/1333},
    doi = {10.3390/ma11081333},
    issn = {1996-1944},
    pmid = {30071663},
    keywords = {FDM, acrylonitrile butadiene styrene (ABS), additive manufacturing, infill density, layer height, layer orientation, polylactide (PLA), tensile behaviour}
}

@article{Rodriguez-Panes2018TheAnalysisb,
    title = {{The Influence of Manufacturing Parameters on the Mechanical Behaviour of PLA and ABS Pieces Manufactured by FDM: A Comparative Analysis}},
    year = {2018},
    journal = {Materials},
    author = {Rodr{\'{i}}guez-Panes, Adrián and Claver, Juan and Camacho, Ana and Rodr{\'{i}}guez-Panes, Adrián and Claver, Juan and Camacho, Ana María},
    number = {8},
    month = {8},
    pages = {1333},
    volume = {11},
    publisher = {Multidisciplinary Digital Publishing Institute},
    url = {http://www.mdpi.com/1996-1944/11/8/1333},
    doi = {10.3390/ma11081333},
    issn = {1996-1944},
    keywords = {FDM, acrylonitrile butadiene styrene (ABS), additive manufacturing, infill density, layer height, layer orientation, polylactide (PLA), tensile behaviour}
}

@article{Patanwala2018TheComposites,
    title = {{The microstructure and mechanical properties of 3D printed carbon nanotube-polylactic acid composites}},
    year = {2018},
    journal = {Polymer Composites},
    author = {Patanwala, Huseini S. and Hong, Danting and Vora, Sahil R. and Bognet, Brice and Ma, Anson W.K.},
    number = {January 2018},
    pages = {E1060-E1071},
    volume = {39},
    doi = {10.1002/pc.24494},
    issn = {15480569}
}

@article{Christensen2013TheFailure,
    title = {{The Thoery of Materials failure}},
    year = {2013},
    author = {Christensen, Richard},
    pages = {298}
}

@techreport{Janssen2014TNO:THEMANAGEMENT,
    title = {{TNO:THE IMPACT OF 3-D PRINTING ON SUPPLY CHAIN MANAGEMENT}},
    year = {2014},
    author = {Janssen, Robbert and Blankers, Iris and Moolenburgh, Ewoud and Posthumus, Bineke},
    number = {April},
    doi = {10.1097/BOT.0000000000000137},
    issn = {1531-2291},
    pmid = {24918825}
}

@misc{Ultimaker2019UltimakerSheet,
    title = {{Ultimaker S5 Specification sheet}},
    year = {2019},
    booktitle = {Ultimaker},
    author = {{Ultimaker}},
    url = {https://ultimaker.com/file/download/productgroup/Ultimaker S5 specification sheet v1.03.pdf/5beacc4a00a26.pdf https://ultimaker.com/3d-printers/ultimaker-s5}
}

@article{Nakai2015UniaxialRates,
    title = {{Uniaxial Compressive Response and Constitutive Modeling of Selected Polymers Over a Wide Range of Strain Rates}},
    year = {2015},
    journal = {Journal of Dynamic Behavior of Materials},
    author = {Nakai, Kenji and Yokoyama, Takashi},
    number = {1},
    pages = {15--27},
    volume = {1},
    doi = {10.1007/s40870-015-0003-9},
    issn = {21997454},
    keywords = {Compressive stress–strain, Hopkinson bar, Low mechanical impedance, Modified Ramberg–Osgood model, Polymers, Strain rate, Viscoelastic–plastic behavior}
}

@article{Seppala2017WeldManufacturing,
    title = {{Weld formation during material extrusion additive manufacturing}},
    year = {2017},
    journal = {Soft Matter},
    author = {Seppala, Jonathan E and Hoon Han, Seung and Hillgartner, Kaitlyn E and Davis, Chelsea S and Migler, Kalman B},
    number = {38},
    pages = {6761--6769},
    volume = {13},
    publisher = {Royal Society of Chemistry},
    url = {http://dx.doi.org/10.1039/C7SM00950J},
    doi = {10.1039/c7sm00950j},
    issn = {17446848}
}

@techreport{WohlersAssociates2017WohlersIndustry,
    title = {{Wohlers Report 2017 3D Printing and Additive Manufacturing State of the Industry}},
    year = {2017},
    author = {{Wohlers Associates}},
    url = {http://ir.obihiro.ac.jp/dspace/handle/10322/3933}
}

@misc{SimuliaWritingAbaqus,
    title = {{Writing a UMAT or VUMAT in Abaqus}},
    author = {{Simulia}},
    pages = {1--117},
    url = {http://dsk.ippt.pan.pl/docs/abaqus/v6.13/books/sub/default.htm}
}

@misc{Zheng-2014.pdf,
    title = {{Zheng-2014.pdf}}
}

@article{Composite20071,
    title = {{{$\Sigma$} 1 1 {$\Sigma$} 1}},
    year = {2007},
    author = {Composite, Mixtures and Equal, Longitudinal Modulus and Fiber, Matrix and Element, Representative Volume},
    pages = {1--5}
}

@techreport{2005Plasticity,
    title = {{• Example: VUMAT for Kinematic Hardening Plasticity}},
    year = {2005},
    url = {https://imechanica.org/files/appendix3-vumat.pdf}
}